@Article{wiki,
author = {Wikipedia},
Title = "{Generátor pseudonáhodných čísel}",
url = {http://bit.ly/fMno3p},
year = {Listopad 2009},
note = {[online]}
}

@Article{Matsumoto,
Title = "{Mersenne Twister: A 623-Dimensionally Equidistributed Uniform Pseudo-Random Number Generator.}", 
author = {Matsumoto, M. Nishimura, T.},
year = {Leden 1998},
volume = {8},
pages = {3 - 30},
number = {1},
journal = {ACM Transactions on  Modeling and Computer Simulation}
}

@Misc{Matsumoto2,
title = "{Mersenne Twister Home Page}",
author = {Matsumoto, M.},
url = {http://www.math.sci.hiroshima-u.ac.jp/~m-mat/MT/emt.html},
note = "{[online]}"
}

@Book{NR,
author = "{Press W. H., Teukolsky, S. A., Vetterling, W. T., Flannery}",
title = {Numerical Recipes, The Art of Scientific Computing},
year = {2007},
volume = {3},
publisher = {Cambridge University Press},
isbn = {0-521-88068-8}
}

@Book{IMS,
author = "{Peringer P., Hrubý M.}",
title = {Modelování a simulace (slajdy)},
year = {Září 2010},
publisher = {VUT v Brně, Fakulta informačních technologií}
}

@book{IMS2,
author = "{Rábová, Z., Češka, M., Zendulka, J., Peringer, P., Janoušek}",
title = {Modelování a simulace (skripta)},
year = {Leden 2005},
publisher = {VUT v Brně, Fakulta informačních technologií}
}

@book{INM,
author = "{Novák, M.}",
title = {Numerická matematika a pravděpodobnost (slajdy)},
year = {Září 2009},
publisher = {VUT v Brně, Fakulta elektrotechniky a komunikačních technologií}
}

@Article{jomasm,
author = "{Marsaglia, G}",
title = {Random Number Generators},
year = {Květen 2003},
journal = {Journal Of Modern Applied Statistical Methods},
volume = {2},
number = {1},
pages = {2 - 13}
}

@Article{KM,
author = {Kinderman, A. J. Monahan, J. F.},
title = {Computer Generation of Random Variables Using the Ration of Uniform Deviates},
year = {Září 1977},
journal = {ACM Transactions on Mathematical Software},
volume = {3},
number = {3},
pages = {257 - 260}
}

@Article{Leva,
author = {Leva, Joseph L.},
title = {A Fast Normal Random Number Generator},
year = {Prosinec 1992},
journal = {ACM Transactions on Mathematical Software},
volume = {18},
number = {4},
pages = {449 - 453}
}

@Article{Ad,
author = {Ahrens, J. H. Dieter, U.},
title = {Computer Methods for Sampling from Gamma, Beta, Poisson and Binomial Distributions*},
year = {Září 1973},
publisher = {Computing},
volume = {12},
pages = {223 - 246}
}

@Book{IASTAT,
author = {Řezanková, H. Marek, L. Vrabec. M.},
title = {Exponenciální rozdělení. Interaktivní učebnice statistiky},
year = {2001},
url = {http://iastat.vse.cz/Exponenc.htm},
note = {[online]}
}

@Book{HOMEN,
author = {Otipka, P. Šmajstrla, V.},
title = {Základní typy rozdělení pravděpodobnosti spojité náhodné veličiny. Pravděpodobnost a statistika},
year = {2003},
url = {http://homen.vsb.cz/~oti73/cdpast1/KAP05/PRAV5.HTM},
note = {[online]}
}

@Misc{Wgamma,
title = {The Gamma Distribution},
year = {2006},
url = {http://www.weibull.com/LifeDataWeb/the_gamma_distribution.htm},
note = {[online]}
}

@Misc{Wiki2,
title = {Gamma distribution},
author = {Wikipedia},
year = {Prosinec 2010},
url = {http://en.wikipedia.org/wiki/Gamma_distribution},
note = {[online]}
}

@Article{Marsaglia,
title = {A Simple Method for Generating Gamma Variables},
author = {Marsaglia, G., Tsang W-W.},
year = {Září 2000},
volume = {26},
number = {3},
pages = {363 - 372}
}

@Article{Toupal,
title = {Weibullovo rozdělení, dvourozměrné normální rozdělení},
author = {Ťoupal, T.},
year = {Říjen 2009},
note = {Materiál KMA/PSB},
publisher = {Západočeská univerzita}
}
